<?xml version="1.0" encoding="UTF-8"?><collection xmlns="http://www.loc.gov/MARC21/slim"><record><leader>00560nam--2200169-i-4500</leader><controlfield tag="001">000045524</controlfield><controlfield tag="002">20161230</controlfield><controlfield tag="005">20161230201045</controlfield><controlfield tag="008">060222s1000------------r-----000-0-eng-d</controlfield><datafield ind1=" " ind2=" " tag="040"><subfield code="a">IFIN-HH</subfield></datafield><datafield ind1=" " ind2=" " tag="080"><subfield code="a">53.081/.83(035.5)</subfield></datafield><datafield ind1="1" ind2=" " tag="100"><subfield code="a">Tuma, Jan J</subfield></datafield><datafield ind1="1" ind2="0" tag="245"><subfield code="a">Handbook of physical calculations. definitions. formulas. technical applications. physical tables conversion tables. graphs dictionary of physical terms</subfield><subfield code="c">Jan j. tuma</subfield></datafield><datafield ind1=" " ind2=" " tag="260"><subfield code="a">New York</subfield><subfield code="b">Mcgraw-hill Book Co</subfield><subfield code="c">1976</subfield></datafield><datafield ind1=" " ind2=" " tag="300"><subfield code="a">X+370P</subfield></datafield><datafield ind1=" " ind2=" " tag="852"><subfield code="a">48881</subfield><subfield code="c">53.081</subfield></datafield><datafield ind1=" " ind2=" " tag="CAT"><subfield code="a">Sys</subfield><subfield code="c">20160405</subfield><subfield code="h">130219</subfield></datafield></record></collection>